This file was created with JabRef 1.8.1.
Encoding: UTF8

@Online{Activiti_2016-06-12, title = {Activiti}, author = {}, organization = {}, file = {:./references/Activiti.html:html}, url = {http://activiti.org/}, urldate = {2016-06-12} }
@Online{jBPM_2016-06-12, title = {jBPM - Open Source Business Process Management - Process engine}, author = {}, organization = {}, file = {:./references/jBPM - Open Source Business Process Management - Process engine.html:html}, url = {http://www.jbpm.org/}, urldate = {2016-06-12} }
@Online{Imixs_2016-06-12, title = {Imixs Workflow Project - Open Source Java Workflow Engine for BPMN 2.0}, author = {}, organization = {}, file = {:./references/Imixs Workflow Project - Open Source Java Workflow Engine for BPMN 2.0.html:html}, url = {http://www.imixs.org/}, urldate = {2016-06-12} }
@Online{Camuda_2016-06-12, title = {BPMN Workflow Engine}, author = {}, organization = {}, file = {:./references/BPMN Workflow Engine.html:html}, url = {https://camunda.org/}, urldate = {2016-06-12} }
@Online{Drools_2016-06-12, title = {Drools - Drools - Business Rules Management System (Java™, Open Source)}, author = {}, organization = {}, file = {:./references/Drools - Drools - Business Rules Management System (Java™, Open Source).html:html}, url = {http://www.drools.org/}, urldate = {2016-06-12} }
@Online{Yaoqiang_2016-06-12, title = {Yaoqiang BPMN Editor - an Open Source BPMN 2.0 Modeler}, author = {}, organization = {}, file = {:./references/Yaoqiang BPMN Editor - an Open Source BPMN 2.0 Modeler.html:html}, url = {http://bpmn.sourceforge.net/}, urldate = {2016-06-12} }
@Online{Bonitasoft_2016-06-12, title = {Bonitasoft}, author = {}, organization = {}, file = {:./references/Bonitasoft.html:html}, url = {http://www.bonitasoft.com/}, urldate = {2016-06-12} }
@Online{BizTalk_2016-06-12, title = {Microsoft BizTalk Integration | Microsoft}, author = {}, organization = {}, file = {:./references/Microsoft BizTalk Integration | Microsoft.html:html}, url = {https://www.microsoft.com/en-us/server-cloud/products/biztalk/}, urldate = {2016-06-12} }
@Online{IBM_Business_Process_Manager_2016-06-12, title = {IBM - Software - IBM Business Process Manager}, author = {}, organization = {}, file = {:./references/IBM - Software - IBM Business Process Manager.html:html}, url = {http://www-03.ibm.com/software/products/en/business-process-manager-family}, urldate = {2016-06-12} }
@Online{Tomcat_2016-06-12, title = {Apache Tomcat® - Welcome!}, author = {}, organization = {}, file = {:./references/Apache Tomcat® - Welcome!.html:html}, url = {https://tomcat.apache.org/}, urldate = {2016-06-12} }
